@book{Goodfellow-et-al-2016,
    title={Deep Learning},
    author={Ian Goodfellow and Yoshua Bengio and Aaron Courville},
    publisher={MIT Press},
    note={URL \url{http://www.deeplearningbook.org}},
    year={2016},
    language = {english}
}
@article{TeoremaAproxUn-Kurt,
title = {Multilayer feedforward networks are universal approximators},
journal = {Neural Networks},
volume = {2},
number = {5},
pages = {359-366},
year = {1989},
issn = {0893-6080},
doi = {https://doi.org/10.1016/0893-6080(89)90020-8},
note={URL \url{https://www.sciencedirect.com/science/article/pii/0893608089900208}},
author = {Kurt Hornik and Maxwell Stinchcombe and Halbert White},
keywords = {Feedforward networks, Universal approximation, Mapping networks, Network representation capability, Stone-Weierstrass Theorem, Squashing functions, Sigma-Pi networks, Back-propagation networks},
abstract = {This paper rigorously establishes that standard multilayer feedforward networks with as few as one hidden layer using arbitrary squashing functions are capable of approximating any Borel measurable function from one finite dimensional space to another to any desired degree of accuracy, provided sufficiently many hidden units are available. In this sense, multilayer feedforward networks are a class of universal approximators.},
language = {english}
}
@book{Algoritmos-Sedgewick,
  author = {Robert Sedgewick and Kevin Wayne},
  isbn = {978-0-321-57351-3},
  keywords = {dblp},
  pages = {I-XII, 1-955},
  publisher = {Addison-Wesley},
  title = {Algorithms, 4th Edition.},
  year = 2011,
  language = {english}
}
@book{TopoAlg-Edelsbrunner,
  author = {Herbert Edelsbrunner and John Harer},
  isbn = {978-0-8218-4925-5},
  keywords = {dblp},
  pages = {I-XII, 1-241},
  publisher = {American Mathematical Society},
  title = {Computational Topology - an Introduction.},
  year = 2010,
  language = {english}
}

@misc{Homologia-Macho,
    title={De la homología a la cohomología: teoremas de dualidad},
    author={Macho Stadler, Marta},
    year={2006},
    school = {Universidad del País Vasco},
    language = {spanish}
}
@book{MDiscreta-Guti,
    title={Elementos de matemática discreta},
    author={Gutiérrez Jiménez, José Manuel  and Lanchares Barrasa, Víctor},
    publisher={Universidad de La Rioja. Servicio de Publicaciones},
    year={2010},
    language = {spanish},
    isbn = {978-84-693-6451-2}
}
@misc{Algebra-Elduque,
    title={Introduction to Algebra},
    author={Elduque Palomo, Alberto Carlos},
    year={2017},
    school={Universidad de Zaragoza},
    language = {english}
}
@misc{IA-Jonathan,
    title={Notas del curso de inteligencia artificial},
    author={Heras Vicente, Jónathan},
    year={2022},
    school = {Universidad de La Rioja},
    language = {spanish}
}
@article{Intro-Otter,
	doi = {10.1140/epjds/s13688-017-0109-5},
	note={URL \url{https://doi.org/10.1140%2Fepjds%2Fs13688-017-0109-5}},
	year = 2017,
	month = {aug},
	publisher = {Springer Science and Business Media {LLC}},
	volume = {6},
	number = {1},
	author = {Nina Otter and Mason A Porter and Ulrike Tillmann and Peter Grindrod and Heather A Harrington},
	title = {A roadmap for the computation of persistent homology},
	journal = {{EPJ} Data Science},
        language = {english}
}
@misc{Articulo-Watanabe,
  doi = {10.48550/ARXIV.2106.03016},
  note={URL \url{https://arxiv.org/abs/2106.03016}},
  author = {Satoru Watanabe and Hayato Yamana},
  keywords = {Machine Learning (cs.LG), Artificial Intelligence (cs.AI), FOS: Computer and information sciences, FOS: Computer and information sciences},
  title = {Topological Measurement of Deep Neural Networks Using Persistent Homology},
  publisher = {arXiv},
  year = {2021},
  language = {english}  
}
